@article{bitcoin,
	author = {Satoshi Nakamoto},
	title = {Bitcoin: A Peer-to-Peer Electronic Cash System},
	year = "2008",
	month = "October",
	url = "https://bitcoin.org/bitcoin.pdf"
}

@misc{bitcoin-hashing-algorithm,
	title = {Block hashing algorithm},
	author = {The Bitcoin Project},
	howpublished = {https://en.bitcoin.it/wiki/Block_hashing_algorithm},
	note = {Accessed September 9th, 2014}
}

@article{cell,
	author = {Michael Kistler, Michael Perone, Fabrizio Petrini},
	title = {Cell Multiprocessor Communication Network: Built for speed},
	year = "2006",
	url = "http://cs.anu.edu.au/~Alistair.Rendell/hons09/ieeemicro-cell.pdf"
}
